@INPROCEEDINGS{olston2011inspector,
  title={Inspector Gadget: A framework for custom monitoring and debugging of distributed dataflows},
  author={Olston, Christopher and Reed, Benjamin},
  booktitle={Proceedings of the 2011 ACM SIGMOD International Conference on Management of data},
  pages={1221--1224},
  year={2011},
  organization={ACM}
}

@INPROCEEDINGS{jagannath2011monitoring,
  title={Monitoring and debugging dryadlinq applications with Daphne},
  author={Jagannath, Vilas and Yin, Zuoning and Budiu, Mihai},
  booktitle={Parallel and Distributed Processing Workshops and Phd Forum (IPDPSW), 2011 IEEE International Symposium on},
  pages={1266--1273},
  year={2011},
  organization={IEEE}
}

@techreport{dave2013arthur,
  title={Arthur: Rich Post-Facto Debugging for Production Analytics Applications},
  author={Dave, Ankur and Zaharia, Matei and Stoica, I},
  year={2013},
  institution={Citeseer}
}





